@article{Junqueira,
   title = {Junqueiraâ€™s Basic Histology, Text and Atlas, 15th Edition (VetBooks.ir)},
}