

% need to correct Packer2015-epi and Packer2015
% to check, rfeu, sa_, supurativa, 11cases, sialadenite, cvj, schoroeder, sdma, file23333, atlasultra, javmakbr, Dr, vol16, ajvr, Bsavaendo


% what i changed 

% Junqueira → Renamed to Mescher2018.

% dyce → Renamed to Singh2017.

% animals → Renamed to Bae2024.

% papich → Corrected and standardized to Papich2021.

% Ptyalism → Renamed to Kook2013.

% VomitingReview → Renamed to Dixit2022.

% de2020 → The corrected key is deLaPuerta2020.

% vetrecord → Renamed to Zadeh2025.

% tsobrev → Corrected and renamed to Hammer2001.

% s40 → Renamed to Guzman-Ramos2022.

% applications → Renamed to Prasanna2019.

% vander → Renamed to vanderMerwe2008.

% frontiersdiagntest → This entry was incomplete but was identified, corrected, and renamed to Gommeren2022.

% Animalmodel → Renamed to Loscher2022.

% katzung → Corrected and renamed to Katzung2018.

% mechanism → Corrected and renamed to Loscher2012.

% 10.11 → Corrected and renamed to Walton-Clark2022.

% hep → Corrected and renamed to Muller2000.

% foi → Corrected and renamed to Fda2021.

% contreras → Renamed to Contreras-Garcia2022.

% celdran → Renamed to CeldranDeCastro2023.
